@misc{ wiki:licencia,
    author = "Wikipedia",
    title = "Licencia --- Wikipedia{,} The Free Encyclopedia",
    year = "2016",
    url = {https://es.wikipedia.org/w/index.php?title=Licencia&oldid=94243114},
    note = "[Online; Accedido 07-Enero-2017]"
}

@misc{ license:gplv3,
    author = "Free Software Foundation",
    title = "GNU General Public License v3.0",
    year = "2007",
    url = {https://www.gnu.org/licenses/gpl-3.0.txt},
    note = "[Online; Accedido 07-Enero-2017]"
}

@misc{ license:epl,
    author = "Eclipse Foundation",
    title = "Eclipse Public License (EPL)",
    year = "2004",
    url = {https://www.eclipse.org/legal/epl-v10.html},
    note = "[Online; Accedido 07-Enero-2017]"
}

@misc{ license:ccby4,
    author = "Creative Commons",
    title = "Attribution 4.0 International (CC BY 4.0)",
    year = "2016",
    url = {https://creativecommons.org/licenses/by/4.0/},
    note = "[Online; Accedido 07-Enero-2017]"
}

@misc{ ieee_830_1998,
    author = "IEEE",
	title = {{IEEE} {SA} - 830-1998 - {IEEE} {Recommended} {Practice} for {Software} {Requirements} {Specifications}},
	url = {https://standards.ieee.org/findstds/standard/830-1998.html},
	note = "[Online; Accedido 20-Enero-2017]"
}

@misc{ ss_cotizacion,
    author = "Ministerio de Empleo y Seguridad Social",
	title = {Bases y tipos de cotización 2016},
	url = {http://www.seg-social.es/Internet_1/Trabajadores/CotizacionRecaudaci10777/Basesytiposdecotiza36537/index.htm},
	note = "[Online; Accedido 20-Enero-2017]"
}

@misc{ pattern:mvp,
    author = "Martin Fowler",
	title = {GUI Architectures - MVC and MVP},
    year = "2006",
	url = {https://martinfowler.com/eaaDev/uiArchs.html},
	note = "[Online; Accedido 22-Enero-2017]"
}

@misc{ pattern:repository,
    author = "Martin Fowler, Edward Hieatt y Rob Mee",
	title = {Repository Pattern},
	url = {https://martinfowler.com/eaaCatalog/repository.html},
	note = "[Online; Accedido 22-Enero-2017]"
}

@misc{ pattern:android_architecture,
    author = "Jose Alcérreca, Stephan Linzner y Mustafa Kurtuldu",
	title = {Google en Android Architecture Blueprints},
	url = {https://github.com/googlesamples/android-architecture},
	note = "[Online; Accedido 22-Enero-2017]"
}

@misc{ wiki:injection,
    author = "Wikipedia",
    title = "Dependency injection --- Wikipedia{,} The Free Encyclopedia",
    year = "2016",
    url = {https://en.wikipedia.org/w/index.php?title=Dependency_injection&oldid=761366923},
    note = "[Online; Accedido 07-Enero-2017]"
}

@misc{ design:material,
    author = "Google",
	title = {Material design guidelines},
    year = "2014",
	url = {https://material.io/guidelines/},
	note = "[Online; Accedido 24-Enero-2017]"
}

@misc{ android:folders,
    author = "Google",
	title = {Manage your project},
    year = "2016",
	url = {https://developer.android.com/studio/projects/index.html?hl=es},
	note = "[Online; Accedido 24-Enero-2017]"
}

@misc{ java:jdk7,
    author = "Java",
	title = {Java SE Development Kit 7},
    year = "2017",
	url = {http://www.oracle.com/technetwork/es/java/javase/downloads/jdk7-downloads-1880260.html},
	note = "[Online; Accedido 24-Enero-2017]"
}

@misc{ android:androidstudio,
    author = "Google",
	title = {Android Studio},
    year = "2017",
	url = {https://developer.android.com/studio/index.html?hl=es},
	note = "[Online; Accedido 24-Enero-2017]"
}

@misc{ git:scm,
    author = "Git",
	title = {Git},
    year = "2017",
	url = {https://git-scm.com/},
	note = "[Online; Accedido 24-Enero-2017]"
}

@misc{ opencv:web,
    author = {OpenCV},
	title = {OpenCV official website},
    year = "2017",
	url = {http://opencv.org/},
	note = "[Online; Accedido 24-Enero-2017]"
}

@misc{ github:clone,
    author = {GitHub},
	title = {Cloning a repository},
    year = "2017",
	url = {https://help.github.com/articles/cloning-a-repository/},
	note = "[Online; Accedido 24-Enero-2017]"
}

@misc{ android:import,
    author = {Android},
	title = {Importing an Existing Android Project},
    year = "2017",
	url = {https://www.jetbrains.com/help/idea/2016.3/importing-an-existing-android-project.html},
	note = "[Online; Accedido 24-Enero-2017]"
}

@misc{ android:compilerun,
    author = {Android},
	title = {Compilar y ejecutar tu app},
    year = "2017",
	url = {https://developer.android.com/studio/run/index.html?hl=es-419},
	note = "[Online; Accedido 24-Enero-2017]"
}

@misc{ travis:gobees,
    author = {Travis},
	title = {davidmigloz / go-bees},
    year = "2017",
	url = {https://travis-ci.org/davidmigloz/go-bees},
	note = "[Online; Accedido 24-Enero-2017]"
}

@misc{ travis:doc,
    author = {Travis},
	title = {User documentation},
    year = "2017",
	url = {https://docs.travis-ci.com/},
	note = "[Online; Accedido 24-Enero-2017]"
}

@misc{ codecov:doc,
    author = {Codecov},
	title = {User documentation},
    year = "2017",
	url = {https://docs.codecov.io/},
	note = "[Online; Accedido 24-Enero-2017]"
}

@misc{ codeclimate:gobees,
    author = {CodeClimate},
	title = {/davidmigloz/go-bees},
    year = "2017",
	url = {https://codeclimate.com/github/davidmigloz/go-bees},
	note = "[Online; Accedido 24-Enero-2017]"
}

@misc{ codeclimate:doc,
    author = {CodeClimate},
	title = {User documentation},
    year = "2017",
	url = {https://docs.codeclimate.com/},
	note = "[Online; Accedido 24-Enero-2017]"
}

@misc{ sonarqube:gobees,
    author = {SonarQube},
	title = {/davidmigloz/go-bees},
    year = "2017",
	url = {https://sonarqube.com/dashboard?id=go-bees},
	note = "[Online; Accedido 24-Enero-2017]"
}

@misc{ sonarqube:doc,
    author = {SonarQube},
	title = {User documentation},
    year = "2017",
	url = {https://docs.sonarqube.org/},
	note = "[Online; Accedido 24-Enero-2017]"
}

@misc{ versioneye:gobees,
    author = {VersionEye},
	title = {/davidmigloz/go-bees},
    year = "2017",
	url = {https://www.versioneye.com/user/projects/57f7b19e823b88004e06ad33},
	note = "[Online; Accedido 24-Enero-2017]"
}

@misc{ versioneye:doc,
    author = {VersionEye},
	title = {User documentation},
    year = "2017",
	url = {https://www.versioneye.com/documentation},
	note = "[Online; Accedido 24-Enero-2017]"
}

@misc{ readthedocs:doc,
    author = {Read the Docs},
	title = {User documentation},
    year = "2017",
	url = {http://docs.readthedocs.io/en/latest/},
	note = "[Online; Accedido 24-Enero-2017]"
}s

@misc{ github:extraapps,
    author = {David Miguel Lozano},
	title = {Aplicaciones de etiquetado y desarrollo del algoritmo},
    year = "2017",
	url = {https://github.com/davidmigloz/go-bees-prototypes/releases},
	note = "[Online; Accedido 24-Enero-2017]"
}

@misc{ github:gobees_apk,
    author = {David Miguel Lozano},
	title = {Releases GoBees},
    year = "2017",
	url = {https://github.com/davidmigloz/go-bees/releases},
	note = "[Online; Accedido 24-Enero-2017]"
}